<record><leader>00000cas a22000007a 4500</leader><controlfield tag="001">13349874</controlfield><controlfield tag="008">860326u1976uuuuhiumr ne      0    0eng d</controlfield><datafield ind1=" " ind2=" " tag="010"><subfield code="a">sn 85047295 </subfield></datafield><datafield ind1=" " ind2=" " tag="040"><subfield code="a">HWN</subfield><subfield code="b">eng</subfield><subfield code="c">HWN</subfield><subfield code="d">OCLCQ</subfield><subfield code="d">OCLCO</subfield></datafield><datafield ind1="1" ind2=" " tag="029"><subfield code="a">AU@</subfield><subfield code="b">000025836776</subfield></datafield><datafield ind1=" " ind2=" " tag="042"><subfield code="a">msc</subfield></datafield><datafield ind1=" " ind2=" " tag="043"><subfield code="a">n-us-hi</subfield></datafield><datafield ind1=" " ind2="4" tag="050"><subfield code="a">AP7.7</subfield><subfield code="b">.K3</subfield></datafield><datafield ind1="0" ind2="0" tag="245"><subfield code="a">Ka&#699;u report.</subfield></datafield><datafield ind1=" " ind2=" " tag="260"><subfield code="a">Ka&#699;u, Hawaii :</subfield><subfield code="b">[University of Hawaii at Hilo, Continuing Education and Community Service],</subfield><subfield code="c">1976-</subfield></datafield><datafield ind1=" " ind2=" " tag="300"><subfield code="a">v. :</subfield><subfield code="b">ill. ;</subfield><subfield code="c">22 cm.</subfield></datafield><datafield ind1=" " ind2=" " tag="310"><subfield code="a">Monthly</subfield></datafield><datafield ind1="0" ind2=" " tag="362"><subfield code="a">Vol. 1, no. 1 (July 4, 1976)-</subfield></datafield><datafield ind1=" " ind2=" " tag="500"><subfield code="a">"A community newspaper."</subfield></datafield><datafield ind1=" " ind2="0" tag="651"><subfield code="a">Kau (Hawaii)</subfield><subfield code="v">Periodicals.</subfield></datafield><datafield ind1="2" ind2=" " tag="710"><subfield code="a">University of Hawaii at Hilo.</subfield><subfield code="b">Continuing Education and Community Service Center.</subfield></datafield><datafield ind1=" " ind2=" " tag="752"><subfield code="a">United States</subfield><subfield code="b">Hawaii</subfield><subfield code="c">Hawaii</subfield><subfield code="d">K&#699;au.</subfield></datafield></record>